<?xml version="1.0" encoding="UTF-8"?><collection xmlns="http://www.loc.gov/MARC21/slim"><record><leader>00410nam--2200145-i-4500</leader><controlfield tag="001">000045570</controlfield><controlfield tag="002">20161230</controlfield><controlfield tag="005">20170122222111</controlfield><controlfield tag="008">060222s1000------------r-----000-0-eng-d</controlfield><datafield ind1=" " ind2=" " tag="080"><subfield code="a">001.818:061.6</subfield></datafield><datafield ind1=" " ind2=" " tag="245"><subfield code="a">The turkish atomic energy commission. Annual report: 1961</subfield></datafield><datafield ind1=" " ind2=" " tag="260"><subfield code="a">Ankara</subfield><subfield code="b">The Turkish Atomic Energy Commission</subfield><subfield code="c">1961</subfield></datafield><datafield ind1=" " ind2=" " tag="300"><subfield code="a">30 p.+1 Table</subfield></datafield><datafield ind1=" " ind2=" " tag="852"><subfield code="a">24241</subfield></datafield><datafield ind1=" " ind2=" " tag="CAT"><subfield code="a">SYS</subfield><subfield code="c">20170122</subfield><subfield code="h">222111</subfield></datafield></record></collection>